%YAML 1.1
%TAG !u! tag:unity3d.com,2011:
--- !u!1001 &100100000
Prefab:
  m_ObjectHideFlags: 1
  serializedVersion: 2
  m_Modification:
    m_TransformParent: {fileID: 0}
    m_Modifications: []
    m_RemovedComponents: []
  m_ParentPrefab: {fileID: 0}
  m_RootGameObject: {fileID: 1000012288711462}
  m_IsPrefabParent: 1
--- !u!1 &1000012288711462
GameObject:
  m_ObjectHideFlags: 0
  m_PrefabParentObject: {fileID: 0}
  m_PrefabInternal: {fileID: 100100000}
  serializedVersion: 5
  m_Component:
  - component: {fileID: 4000010315773298}
  - component: {fileID: 114000010968629710}
  - component: {fileID: 114000013090167166}
  - component: {fileID: 114000011055450404}
  - component: {fileID: 114000013205022872}
  - component: {fileID: 114000011034600268}
  - component: {fileID: 114000013041343184}
  - component: {fileID: 114000012332210584}
  m_Layer: 0
  m_Name: Managers
  m_TagString: Untagged
  m_Icon: {fileID: 0}
  m_NavMeshLayer: 0
  m_StaticEditorFlags: 0
  m_IsActive: 1
--- !u!4 &4000010315773298
Transform:
  m_ObjectHideFlags: 1
  m_PrefabParentObject: {fileID: 0}
  m_PrefabInternal: {fileID: 100100000}
  m_GameObject: {fileID: 1000012288711462}
  m_LocalRotation: {x: 0, y: 0, z: 0, w: 1}
  m_LocalPosition: {x: 2.5673869, y: -0.7704114, z: 3.9518237}
  m_LocalScale: {x: 1, y: 1, z: 1}
  m_Children: []
  m_Father: {fileID: 0}
  m_RootOrder: 0
  m_LocalEulerAnglesHint: {x: 0, y: 0, z: 0}
--- !u!114 &114000010968629710
MonoBehaviour:
  m_ObjectHideFlags: 1
  m_PrefabParentObject: {fileID: 0}
  m_PrefabInternal: {fileID: 100100000}
  m_GameObject: {fileID: 1000012288711462}
  m_Enabled: 1
  m_EditorHideFlags: 0
  m_Script: {fileID: 11500000, guid: e852b8ea6948f5a4eac1085daf22ad2c, type: 3}
  m_Name: 
  m_EditorClassIdentifier: 
--- !u!114 &114000011034600268
MonoBehaviour:
  m_ObjectHideFlags: 1
  m_PrefabParentObject: {fileID: 0}
  m_PrefabInternal: {fileID: 100100000}
  m_GameObject: {fileID: 1000012288711462}
  m_Enabled: 1
  m_EditorHideFlags: 0
  m_Script: {fileID: 11500000, guid: 9bc0b4ed7ef490f46aa6eb0ad1026adc, type: 3}
  m_Name: 
  m_EditorClassIdentifier: 
--- !u!114 &114000011055450404
MonoBehaviour:
  m_ObjectHideFlags: 1
  m_PrefabParentObject: {fileID: 0}
  m_PrefabInternal: {fileID: 100100000}
  m_GameObject: {fileID: 1000012288711462}
  m_Enabled: 1
  m_EditorHideFlags: 0
  m_Script: {fileID: 11500000, guid: e59a5cedf2abe0349980e8d38fe29455, type: 3}
  m_Name: 
  m_EditorClassIdentifier: 
--- !u!114 &114000012332210584
MonoBehaviour:
  m_ObjectHideFlags: 1
  m_PrefabParentObject: {fileID: 0}
  m_PrefabInternal: {fileID: 100100000}
  m_GameObject: {fileID: 1000012288711462}
  m_Enabled: 1
  m_EditorHideFlags: 0
  m_Script: {fileID: 11500000, guid: 82ec3caa1d1ccc249bd8d4896b9907ef, type: 3}
  m_Name: 
  m_EditorClassIdentifier: 
--- !u!114 &114000013041343184
MonoBehaviour:
  m_ObjectHideFlags: 1
  m_PrefabParentObject: {fileID: 0}
  m_PrefabInternal: {fileID: 100100000}
  m_GameObject: {fileID: 1000012288711462}
  m_Enabled: 1
  m_EditorHideFlags: 0
  m_Script: {fileID: 11500000, guid: b1da59927457dea4c9bdcdb1f5e7b206, type: 3}
  m_Name: 
  m_EditorClassIdentifier: 
--- !u!114 &114000013090167166
MonoBehaviour:
  m_ObjectHideFlags: 1
  m_PrefabParentObject: {fileID: 0}
  m_PrefabInternal: {fileID: 100100000}
  m_GameObject: {fileID: 1000012288711462}
  m_Enabled: 1
  m_EditorHideFlags: 0
  m_Script: {fileID: 11500000, guid: 07d04de789fbaca42a2d3891a49424ec, type: 3}
  m_Name: 
  m_EditorClassIdentifier: 
--- !u!114 &114000013205022872
MonoBehaviour:
  m_ObjectHideFlags: 1
  m_PrefabParentObject: {fileID: 0}
  m_PrefabInternal: {fileID: 100100000}
  m_GameObject: {fileID: 1000012288711462}
  m_Enabled: 1
  m_EditorHideFlags: 0
  m_Script: {fileID: 11500000, guid: cccdb509dd735ab4c98fd19252f63089, type: 3}
  m_Name: 
  m_EditorClassIdentifier: 
